%% ----------------------------------------------------------------
%% ECS.bib
%% ---------------------------------------------------------------- 

@article{ahmad2015investigation,
  title={An investigation of the factors determining student destination choice for higher education in the United Arab Emirates},
  author={Ahmad, Syed Zamberi and Hussain, Matloub},
  journal={Studies in Higher Education},
  pages={1--20},
  year={2015},
  publisher={Taylor \& Francis}
}

@inproceedings{aljehane2015visualizing,
  title={Visualizing the Top 400 Universities},
  author={Aljehane, Salwa and Alshahrani, Reem and Thafar, Maha},
  booktitle={Proceedings of the International Conference on e-Learning, e-Business, Enterprise Information Systems, and e-Government (EEE)},
  pages={81},
  year={2015},
  organization={The Steering Committee of The World Congress in Computer Science, Computer Engineering and Applied Computing (WorldComp)}
}


@article{mcmahon1992higher,
  title={Higher education in a world market},
  author={McMahon, Mary E},
  journal={Higher education},
  volume={24},
  number={4},
  pages={465--482},
  year={1992},
  publisher={Springer}
}

@article{mazzarol2002push,
  title={“Push-pull” factors influencing international student destination choice},
  author={Mazzarol, Tim and Soutar, Geoffrey N},
  journal={International Journal of Educational Management},
  volume={16},
  number={2},
  pages={82--90},
  year={2002},
  publisher={MCB UP Ltd}
}

@article{maringe2007international,
  title={International students' motivations for studying in UK HE: Insights into the choice and decision making of African students},
  author={Maringe, Felix and Carter, Steve},
  journal={International Journal of Educational Management},
  volume={21},
  number={6},
  pages={459--475},
  year={2007},
  publisher={Emerald Group Publishing Limited}
}

@article{petruzzellis2010educational,
  title={Educational value: how students choose university: Evidence from an Italian university},
  author={Petruzzellis, Luca and Romanazzi, Salvatore},
  journal={International journal of educational management},
  volume={24},
  number={2},
  pages={139--158},
  year={2010},
  publisher={Emerald Group Publishing Limited}
}

@article{gong2015chinese,
  title={Chinese students and higher education destinations: Findings from a choice experiment},
  author={Gong, Xue and Huybers, Twan},
  journal={Australian Journal of Education},
  volume={59},
  number={2},
  pages={196--218},
  year={2015},
  publisher={SAGE Publications}
}

@article{bornmann2014ranking,
  title={Ranking and mapping of universities and research-focused institutions worldwide based on highly-cited papers: A visualisation of results from multi-level models},
  author={Bornmann, Lutz and Stefaner, Moritz and de Moya Aneg{\'o}n, Felix and Mutz, R{\"u}diger},
  journal={Online Information Review},
  volume={38},
  number={1},
  pages={43--58},
  year={2014},
  publisher={Emerald Group Publishing Limited}
}

@article{boehm1991software,
  title={Software risk management: principles and practices},
  author={Boehm, Barry W.},
  journal={IEEE software},
  volume={8},
  number={1},
  pages={32--41},
  year={1991},
  publisher={IEEE}
}

@article{ambler2000user,
author = {Ambler, Scott W},
title = {{User interface design: tips and techniques}},
journal = {The Object Primer: Building Object Applications That Work, and Process Patterns},
year = {2000}
}

@book{4_houston_2011,
author = {Houston, Sue},
title = {{The project manager's guide to health information technology implementation}},
publisher = {HIMSS},
year = {2011}
}


@techreport{berners5star,
author = {Berners-Lee, Tim},
title = {{5 star deployment scheme for Open Data}}
}



@book{5_sommerville_2011,
author = {Sommerville, Ian},
title = {{Software Engineering}},
publisher = {Pearson Education},
year = {2011},
edition = {9}
}

@online{Open_Data_Institute,
  author = {Open Data Institute},
  title = {What is open data? | Open Data Institute},
  year = 2015,
  howpublished = {\url{https://theodi.org/what-is-open-data}},
  urldate = {2016-08-30}
}

@online{McKinsey,
  author = {McKinsey Company},
  title = {Open data: Unlocking innovation and performance with liquid information},
  year = 2015,
  howpublished = {\url{http://www.mckinsey.com/business-functions/business-technology/our-insights/open-data-unlocking-innovation-and-performance-with-liquid-information} },
  urldate = {2016-08-30}
}
@online{Europeandataportal,
  author = {Choose right formats for Open data},
  title = {What is open data? | Open Data Institute},
  year = 2015,
  howpublished = {\url{https://www.europeandataportal.eu/elearning/en/module9/#/id/co-01}},
  urldate = {2016-08-30}
}
@online{IBM,
  author = {IBM},
  title = {Activity diagrams: What they are and how to use them},
  year = 2015,
  howpublished = {\url{http://www.ibm.com/developerworks/rational/library/2802.html}},
  urldate = {2016-08-30}
}
@online{Open_Data_Institute,
  author = {Open Data Institute},
  title = {What is open data? | Open Data Institute},
  year = 2015,
  howpublished = {\url{https://theodi.org/what-is-open-data}},
  urldate = {2016-08-30}
}
@online{ARC,
  author = {ARC},
  title = {It's Official: JavaScript Is The Most Commonly Used Programming Language On Earth - ARC},
  year = 2016,
  howpublished = {\url{https://arc.applause.com/2016/03/22/javascript-is-the-worlds-dominant-programming-language}},
  urldate = {2016-08-30}
}

@online{IBM2,
  author = {IBM},
  title = {The sequence diagram},
  year = 2015,
  howpublished = {\url{http://www.ibm.com/developerworks/rational/library/3101.html}},
  urldate = {2016-08-30}
}

@online{Alogolia,
  author = {Alogolia},
  title = {ALGOLIA | HOSTED CLOUD SEARCH AS A SERVICE},
  year = 2016,
  howpublished  = {\url{https://www.algolia.com/}},
  urldate = {2016-08-30}
}